@book{press2007numerical,
  title={Numerical recipes 3rd edition: The art of scientific computing},
  author={Press, William H},
  year={2007},
  publisher={Cambridge university press}
}

@article{maroco2011data,
  title={Data mining methods in the prediction of Dementia: A real-data comparison of the accuracy, sensitivity and specificity of linear discriminant analysis, logistic regression, neural networks, support vector machines, classification trees and random forests},
  author={Maroco, Jo{\~a}o and Silva, Dina and Rodrigues, Ana and Guerreiro, Manuela and Santana, Isabel and de Mendon{\c{c}}a, Alexandre},
  journal={BMC research notes},
  volume={4},
  number={1},
  pages={299},
  year={2011},
  publisher={BioMed Central Ltd}
}
@article{lehmann2007application,
  title={Application and comparison of classification algorithms for recognition of Alzheimer's disease in electrical brain activity (EEG)},
  author={Lehmann, Christoph and Koenig, Thomas and Jelic, Vesna and Prichep, Leslie and John, Roy E and Wahlund, Lars-Olof and Dodge, Yadolah and Dierks, Thomas},
  journal={Journal of neuroscience methods},
  volume={161},
  number={2},
  pages={342--350},
  year={2007},
  publisher={Elsevier}
}
@article{lee2005extensive,
  title={An extensive comparison of recent classification tools applied to microarray data},
  author={Lee, Jae Won and Lee, Jung Bok and Park, Mira and Song, Seuck Heun},
  journal={Computational Statistics \& Data Analysis},
  volume={48},
  number={4},
  pages={869--885},
  year={2005},
  publisher={Elsevier}
}
@article{efron1979bootstrap,
  title={Bootstrap methods: another look at the jackknife},
  author={Efron, Bradley},
  journal={The annals of Statistics},
  pages={1--26},
  year={1979},
  publisher={JSTOR}
}
@article{lehmann2007application,
  title={Application and comparison of classification algorithms for recognition of Alzheimer's disease in electrical brain activity (EEG)},
  author={Lehmann, Christoph and Koenig, Thomas and Jelic, Vesna and Prichep, Leslie and John, Roy E and Wahlund, Lars-Olof and Dodge, Yadolah and Dierks, Thomas},
  journal={Journal of neuroscience methods},
  volume={161},
  number={2},
  pages={342--350},
  year={2007},
  publisher={Elsevier}
}

@article{fraiwan2012automated,
  title={Automated sleep stage identification system based on time--frequency analysis of a single EEG channel and random forest classifier},
  author={Fraiwan, Luay and Lweesy, Khaldon and Khasawneh, Natheer and Wenz, Heinrich and Dickhaus, Hartmut},
  journal={Computer methods and programs in biomedicine},
  volume={108},
  number={1},
  pages={10--19},
  year={2012},
  publisher={Elsevier}
}

@inproceedings{oh2003estimating,
  title={Estimating neuronal variable importance with random forest},
  author={Oh, Jong and Laubach, Mark and Luczak, Artur},
  booktitle={Bioengineering Conference, 2003 IEEE 29th Annual, Proceedings of},
  pages={33--34},
  year={2003},
  organization={IEEE}
}

@article{acir2004automatic,
  title={Automatic spike detection in EEG by a two-stage procedure based on support vector machines},
  author={Ac{\i}r, Nurettin and G{\"u}zeli{\c{s}}, C{\"u}neyt},
  journal={Computers in Biology and Medicine},
  volume={34},
  number={7},
  pages={561--575},
  year={2004},
  publisher={Elsevier}
}

@article{ding2008spike,
  title={Spike sorting based on multi-class support vector machine with superposition resolution},
  author={Ding, Weidong and Yuan, Jingqi},
  journal={Medical \& biological engineering \& computing},
  volume={46},
  number={2},
  pages={139--145},
  year={2008},
  publisher={Springer}
}

@inproceedings{vogelstein2004spike,
  title={Spike sorting with support vector machines},
  author={Vogelstein, R Jacob and Murari, Kartikeya and Thakur, Pramodsingh H and Diehl, Chris and Chakrabartty, Shantanu and Cauwenberghs, Gert},
  booktitle={Engineering in Medicine and Biology Society, 2004. IEMBS'04. 26th Annual International Conference of the IEEE},
  volume={1},
  pages={546--549},
  year={2004},
  organization={IEEE}
}

@article{valenti2006automatic,
  title={Automatic detection of interictal spikes using data mining models},
  author={Valenti, Pablo and Cazamajou, Enrique and Scarpettini, Marcelo and Aizemberg, Ariel and Silva, Walter and Kochen, Silvia},
  journal={Journal of neuroscience methods},
  volume={150},
  number={1},
  pages={105--110},
  year={2006},
  publisher={Elsevier}
}

@article{schmuker2014neuromorphic,
  title={A neuromorphic network for generic multivariate data classification},
  author={Schmuker, Michael and Pfeil, Thomas and Nawrot, Martin Paul},
  journal={Proceedings of the National Academy of Sciences},
  volume={111},
  number={6},
  pages={2081--2086},
  year={2014},
  publisher={National Acad Sciences}
}

@article{hu2005feature,
  title={Feature detection in motor cortical spikes by principal component analysis},
  author={Hu, Jing and Si, Jennie and Olson, Byron P and He, Jiping},
  journal={Neural Systems and Rehabilitation Engineering, IEEE Transactions on},
  volume={13},
  number={3},
  pages={256--262},
  year={2005},
  publisher={IEEE}
}

@article{harris2000accuracy,
  title={Accuracy of tetrode spike separation as determined by simultaneous intracellular and extracellular measurements},
  author={Harris, Kenneth D and Henze, Darrell A and Csicsvari, Jozsef and Hirase, Hajime and Buzs{\'a}ki, Gy{\"o}rgy},
  journal={Journal of neurophysiology},
  volume={84},
  number={1},
  pages={401--414},
  year={2000},
  publisher={Am Physiological Soc}
}

@article{velliste2014motor,
  title={Motor cortical correlates of arm resting in the context of a reaching task and implications for prosthetic control},
  author={Velliste, Meel and Kennedy, Scott D and Schwartz, Andrew B and Whitford, Andrew S and Sohn, Jeong-Woo and McMorland, Angus JC},
  journal={The Journal of Neuroscience},
  volume={34},
  number={17},
  pages={6011--6022},
  year={2014},
  publisher={Soc Neuroscience}
}

@article{aggarwal2013state,
  title={State-based decoding of hand and finger kinematics using neuronal ensemble and LFP activity during dexterous reach-to-grasp movements},
  author={Aggarwal, Vikram and Mollazadeh, Mohsen and Davidson, Adam G and Schieber, Marc H and Thakor, Nitish V},
  journal={Journal of neurophysiology},
  volume={109},
  number={12},
  pages={3067--3081},
  year={2013},
  publisher={Am Physiological Soc}
}

@article{hubel1962receptive,
  title={Receptive fields, binocular interaction and functional architecture in the cat's visual cortex},
  author={Hubel, David H and Wiesel, Torsten N},
  journal={The Journal of physiology},
  volume={160},
  number={1},
  pages={106--154},
  year={1962},
  publisher={Wiley Online Library}
}

@article{churchland2010stimulus,
  title={Stimulus onset quenches neural variability: a widespread cortical phenomenon},
  author={Churchland, Mark M and Byron, M Yu and Cunningham, John P and Sugrue, Leo P and Cohen, Marlene R and Corrado, Greg S and Newsome, William T and Clark, Andrew M and Hosseini, Paymon and Scott, Benjamin B and others},
  journal={Nature neuroscience},
  volume={13},
  number={3},
  pages={369--378},
  year={2010},
  publisher={Nature Publishing Group}
}

@article{quiroga2009extracting,
  title={Extracting information from neuronal populations: information theory and decoding approaches},
  author={Quiroga, Rodrigo Quian and Panzeri, Stefano},
  journal={Nature Reviews Neuroscience},
  volume={10},
  number={3},
  pages={173--185},
  year={2009},
  publisher={Nature Publishing Group}
}

@article{aflalo2015decoding,
  title={Decoding motor imagery from the posterior parietal cortex of a tetraplegic human},
  author={Aflalo, Tyson and Kellis, Spencer and Klaes, Christian and Lee, Brian and Shi, Ying and Pejsa, Kelsie and Shanfield, Kathleen and Hayes-Jackson, Stephanie and Aisen, Mindy and Heck, Christi and others},
  journal={Science},
  volume={348},
  number={6237},
  pages={906--910},
  year={2015},
  publisher={American Association for the Advancement of Science}
}

@article{polikov2005response,
  title={Response of brain tissue to chronically implanted neural electrodes},
  author={Polikov, Vadim S and Tresco, Patrick A and Reichert, William M},
  journal={Journal of neuroscience methods},
  volume={148},
  number={1},
  pages={1--18},
  year={2005},
  publisher={Elsevier}
}

@article{breiman2001random,
  title={Random forests},
  author={Breiman, Leo},
  journal={Machine learning},
  volume={45},
  number={1},
  pages={5--32},
  year={2001},
  publisher={Springer}
}
  
@article{cortes1995support,
  title={Support-vector networks},
  author={Cortes, Corinna and Vapnik, Vladimir},
  journal={Machine learning},
  volume={20},
  number={3},
  pages={273--297},
  year={1995},
  publisher={Springer}
}

@article{kononenko1993successive,
  title={Successive naive Bayesian classifier},
  author={Kononenko, Igor},
  journal={Informatica},
  volume={17},
  pages={167--74},
  year={1993}
}

@article{memoria,
	author	=	{Funahashi, S and Chafee, MV and Goldman-Rakic, PS},
	title	=	{Prefrontal neuronal activity in rhesus monkeys performing a delayed anti-saccade task},
	journal	=	{Nature},
	volume	={365(6448)},
 pages	=	{753--756},
 year = {October 1993}
}

@article{spikeSorting,
	author	=	{R. Quian Quiroga and Z. Nadasdy and Y. Ben-Shaul},
	title	=	{Unsupervised spike sorting with wavelets and superparamagnetic clustering},
	journal	=	{Neural Computation},
	volume	=16,
 pages	=	{1661--1687},
 year = {2004}
}

@book{mohri2012foundations,
  title={Foundations of machine learning},
  author={Mohri, Mehryar and Rostamizadeh, Afshin and Talwalkar, Ameet},
  year={2012},
  publisher={MIT press}
}

@book{duda1973pattern,
  title={Pattern classification and scene analysis},
  author={Duda, Richard O and Hart, Peter E and others},
  volume={3},
  year={1973},
  publisher={Wiley New York}
}

@article{fisher1936use,
  title={The use of multiple measurements in taxonomic problems},
  author={Fisher, Ronald A},
  journal={Annals of eugenics},
  volume={7},
  number={2},
  pages={179--188},
  year={1936},
  publisher={Wiley Online Library}
}

@article{rao1948utilization,
  title={The utilization of multiple measurements in problems of biological classification},
  author={Rao, C Radhakrishna},
  journal={Journal of the Royal Statistical Society. Series B (Methodological)},
  volume={10},
  number={2},
  pages={159--203},
  year={1948},
  publisher={JSTOR}
}

@article{donders1969speed,
  title={On the speed of mental processes},
  author={Donders, Franciscus Cornelis},
  journal={Acta psychologica},
  volume={30},
  pages={412--431},
  year={1969},
  publisher={Elsevier}
}

@article{millers1991speed,
  title={Effects of preliminary information in a go versus no-go task},
  author={Miller, Jeff and Sch{\"a}ffer, Roland and Hackley, Steven A},
  journal={Acta Psychologica},
  volume={76},
  number={3},
  pages={241--292},
  year={1991},
  publisher={Elsevier}
}

@article{verbruggen2008automatic,
  title={Automatic and controlled response inhibition: associative learning in the go/no-go and stop-signal paradigms.},
  author={Verbruggen, Frederick and Logan, Gordon D},
  journal={Journal of Experimental Psychology: General},
  volume={137},
  number={4},
  pages={649},
  year={2008},
  publisher={American Psychological Association}
}	

@book{hastie2009elements,
  title={The elements of statistical learning},
  author={Hastie, Trevor and Tibshirani, Robert and Friedman, Jerome and Hastie, T and Friedman, J and Tibshirani, R},
  volume={2},
  year={2009},
  publisher={Springer}
}

@article{liu2007efficient,
  title={Efficient pseudoinverse linear discriminant analysis and its nonlinear form for face recognition},
  author={Liu, Jun and Chen, Songcan and Tan, Xiaoyang and Zhang, Daoqiang},
  journal={International Journal of Pattern Recognition and Artificial Intelligence},
  volume={21},
  number={08},
  pages={1265--1278},
  year={2007},
  publisher={World Scientific}
}

@article{kim2013fire,
  title={Fire detection system using random forest classification for image sequences of complex background},
  author={Kim, Onecue and Kang, Dong-Joong},
  journal={Optical Engineering},
  volume={52},
  number={6},
  pages={067202--067202},
  year={2013},
  publisher={International Society for Optics and Photonics}
}

@article{lebedev2006brain,
  title={Brain--machine interfaces: past, present and future},
  author={Lebedev, Mikhail A and Nicolelis, Miguel AL},
  journal={TRENDS in Neurosciences},
  volume={29},
  number={9},
  pages={536--546},
  year={2006},
  publisher={Elsevier}
}

@article{pais2013brain,
  title={A brain-to-brain interface for real-time sharing of sensorimotor information},
  author={Pais-Vieira, Miguel and Lebedev, Mikhail and Kunicki, Carolina and Wang, Jing and Nicolelis, Miguel AL},
  journal={Scientific reports},
  volume={3},
  year={2013},
  publisher={Nature Publishing Group}
}

@article{brown2004multiple,
  title={Multiple neural spike train data analysis: state-of-the-art and future challenges},
  author={Brown, Emery N and Kass, Robert E and Mitra, Partha P},
  journal={Nature neuroscience},
  volume={7},
  number={5},
  pages={456--461},
  year={2004},
  publisher={Nature Publishing Group}
}

@article{fujisawa20114,
  title={A 4 Hz oscillation adaptively synchronizes prefrontal, VTA, and hippocampal activities},
  author={Fujisawa, Shigeyoshi and Buzs{\'a}ki, Gy{\"o}rgy},
  journal={Neuron},
  volume={72},
  number={1},
  pages={153--165},
  year={2011},
  publisher={Elsevier}
}

@article{gray1995tetrodes,
  title={Tetrodes markedly improve the reliability and yield of multiple single-unit isolation from multi-unit recordings in cat striate cortex},
  author={Gray, Charles M and Maldonado, Pedro E and Wilson, Mathew and McNaughton, Bruce},
  journal={Journal of neuroscience methods},
  volume={63},
  number={1},
  pages={43--54},
  year={1995},
  publisher={Elsevier}
}

@article{platt1998sequential,
  title={Sequential minimal optimization: A fast algorithm for training support vector machines},
  author={Platt, John and others},
  year={1998},
  publisher={technical report msr-tr-98-14, Microsoft Research}
}

@article{efron1979bootstrap,
  title={Bootstrap methods: another look at the jackknife},
  author={Efron, Bradley},
  journal={The annals of Statistics},
  pages={1--26},
  year={1979},
  publisher={JSTOR}
}